@online{security_principal,
  title={Principal (Computer Security)},
  url={https://en.wikipedia.org/wiki/Principal_(computer_security)}
}